@book{nielsen-chuang-2010,
  place={Cambridge},
  title={Quantum Computation and Quantum Information: 10th Anniversary Edition},
  DOI={10.1017/CBO9780511976667},
  publisher={Cambridge University Press},
  author={Nielsen, Michael A. and Chuang, Isaac L.},
  year={2010}
}

@article{zanardi2007information,
  title={Information-theoretic differential geometry of quantum phase transitions},
  author={Zanardi, Paolo and Giorda, Paolo and Cozzini, Marco},
  journal={Physical review letters},
  volume={99},
  number={10},
  pages={100603},
  year={2007},
  publisher={APS}
}

@book{bengtsson_zyczkowski_2017,
  place={Cambridge},
  edition={2},
  title={Geometry of Quantum States: An Introduction to Quantum Entanglement},
  DOI={10.1017/9781139207010},
  publisher={Cambridge University Press},
  author={Bengtsson, Ingemar and Å»yczkowski, Karol},
  year={2017}
}

@article{gu2008fidelity,
  title={Fidelity susceptibility, scaling,
    and universality in quantum critical phenomena},
  author={Gu, Shi-Jian and Kwok, Ho-Man and Ning, Wen-Qiang and Lin,
    Hai-Qing and others},
  journal={Physical Review B},
  volume={77},
  number={24},
  pages={245109},
  year={2008},
  publisher={APS}
}

@book{cardy2012finite,
  title={Finite-size scaling},
  author={Cardy, John},
  year={2012},
  publisher={Elsevier}
}
